% Encoding: UTF-8

@article{deepcave,
 title={Deepcave: An interactive analysis tool for automated machine learning},
 author={Sass, Ren{\'e} and Bergman, Eddie and Biedenkapp, Andr{\'e} and Hutter, Frank and Lindauer, Marius},
 journal={arXiv preprint arXiv:2206.03493},
 year={2022}
}

@article{xautoml,
  title={XAutoML: A Visual Analytics Tool for Understanding and Validating Automated Machine Learning},
  author={Z{\"o}ller, Marc-Andr{\'e} and Titov, Waldemar and Schlegel, Thomas and Huber, Marco F},
  journal={ACM Transactions on Interactive Intelligent Systems},
  volume={13},
  number={4},
  pages={1--39},
  year={2023},
  publisher={ACM New York, NY}
}

@inproceedings{aiviz,
  title={AutoAIViz: opening the blackbox of automated artificial intelligence with conditional parallel coordinates},
  author={Weidele, Daniel Karl I and Weisz, Justin D and Oduor, Erick and Muller, Michael and Andres, Josh and Gray, Alexander and Wang, Dakuo},
  booktitle={Proceedings of the 25th International Conference on Intelligent User Interfaces},
  pages={308--312},
  year={2020}
}

@inproceedings{trustautoml,
  title={Trust in AutoML: exploring information needs for establishing trust in automated machine learning systems},
  author={Drozdal, Jaimie and Weisz, Justin and Wang, Dakuo and Dass, Gaurav and Yao, Bingsheng and Zhao, Changruo and Muller, Michael and Ju, Lin and Su, Hui},
  booktitle={Proceedings of the 25th international conference on intelligent user interfaces},
  pages={297--307},
  year={2020}
}

@inproceedings{humanloop,
  title={Putting the Human Back in the AutoML Loop.},
  author={Xanthopoulos, Iordanis and Tsamardinos, Ioannis and Christophides, Vassilis and Simon, Eric and Salinger, Alejandro},
  booktitle={EDBT/ICDT Workshops},
  year={2020}
}

@article{sota,
  title={AutoML: A survey of the state-of-the-art},
  author={He, Xin and Zhao, Kaiyong and Chu, Xiaowen},
  journal={Knowledge-based systems},
  volume={212},
  pages={106622},
  year={2021},
  publisher={Elsevier}
}

@article{pipelineprof,
  title={Pipelineprofiler: A visual analytics tool for the exploration of automl pipelines},
  author={Ono, Jorge Piazentin and Castelo, Sonia and Lopez, Roque and Bertini, Enrico and Freire, Juliana and Silva, Claudio},
  journal={IEEE Transactions on Visualization and Computer Graphics},
  volume={27},
  number={2},
  pages={390--400},
  year={2020},
  publisher={IEEE}
}

@inproceedings{atmseer,
  title={Atmseer: Increasing transparency and controllability in automated machine learning},
  author={Wang, Qianwen and Ming, Yao and Jin, Zhihua and Shen, Qiaomu and Liu, Dongyu and Smith, Micah J and Veeramachaneni, Kalyan and Qu, Huamin},
  booktitle={Proceedings of the 2019 CHI conference on human factors in computing systems},
  pages={1--12},
  year={2019}
}

@inproceedings{cave,
  title={CAVE: Configuration assessment, visualization and evaluation},
  author={Biedenkapp, Andr{\'e} and Marben, Joshua and Lindauer, Marius and Hutter, Frank},
  booktitle={Learning and Intelligent Optimization: 12th International Conference, LION 12, Kalamata, Greece, June 10--15, 2018, Revised Selected Papers 12},
  pages={115--130},
  year={2019},
  organization={Springer}
}

@inproceedings{optuna,
  title={Optuna: A next-generation hyperparameter optimization framework},
  author={Akiba, Takuya and Sano, Shotaro and Yanase, Toshihiko and Ohta, Takeru and Koyama, Masanori},
  booktitle={Proceedings of the 25th ACM SIGKDD international conference on knowledge discovery \& data mining},
  pages={2623--2631},
  year={2019}
}

@article{hypertendril,
  title={HyperTendril: Visual analytics for user-driven hyperparameter optimization of deep neural networks},
  author={Park, Heungseok and Nam, Yoonsoo and Kim, Ji-Hoon and Choo, Jaegul},
  journal={IEEE Transactions on Visualization and Computer Graphics},
  volume={27},
  number={2},
  pages={1407--1416},
  year={2020},
  publisher={IEEE}
}

@inproceedings{visualhypertuner,
  title={VisualHyperTuner: Visual analytics for user-driven hyperparameter tuning of deep neural networks},
  author={Park, Heungseok and Kim, Jinwoong and Kim, Minkyu and Kim, Ji-Hoon and Choo, Jaegul and Ha, Jung-Woo and Sung, Nako},
  booktitle={Demo at SysML Conference},
  year={2019}
}

@article{remap,
  title={Ablate, variate, and contemplate: Visual analytics for discovering neural architectures},
  author={Cashman, Dylan and Perer, Adam and Chang, Remco and Strobelt, Hendrik},
  journal={IEEE transactions on visualization and computer graphics},
  volume={26},
  number={1},
  pages={863--873},
  year={2019},
  publisher={IEEE}
}

@inproceedings{hypertuner,
  title={Hypertuner: Visual analytics for hyperparameter tuning by professionals},
  author={Li, Tianyi and Convertino, Gregorio and Wang, Wenbo and Most, Haley and Zajonc, Tristan and Tsai, Yi-Hsun},
  booktitle={2018 IEEE Workshop on Machine Learning from User Interaction for Visualization and Analytics (MLUI)},
  pages={1--11},
  year={2018},
  organization={IEEE}
}

@article{mythos,
  title={The mythos of model interpretability: In machine learning, the concept of interpretability is both important and slippery.},
  author={Lipton, Zachary C},
  journal={Queue},
  volume={16},
  number={3},
  pages={31--57},
  year={2018},
  publisher={ACM New York, NY, USA}
}

@inproceedings{smac,
  title={Sequential model-based optimization for general algorithm configuration},
  author={Hutter, Frank and Hoos, Holger H and Leyton-Brown, Kevin},
  booktitle={Learning and Intelligent Optimization: 5th International Conference, LION 5, Rome, Italy, January 17-21, 2011. Selected Papers 5},
  pages={507--523},
  year={2011},
  organization={Springer}
}